@article{zhong2016self,
  title={Self-learning gene expression programming},
  author={Zhong, Jinghui and Ong, Yew-Soon and Cai, Wentong},
  journal={IEEE Transactions on Evolutionary Computation},
  volume={20},
  number={1},
  pages={65--80},
  year={2016},
  publisher={IEEE}
}

@article{chen2017feature,
  title={Feature Selection to Improve Generalisation of Genetic Programming for High-Dimensional Symbolic Regression},
  author={Chen, Qi and Zhang, Mengjie and Xue, Bing},
  journal={IEEE Transactions on Evolutionary Computation},
  year={2017},
  volume={21},
  number={5},
  pages={792--806}
  publisher={IEEE}
}

